@inproceedings{agarwal2018reductions,
  title =        {A reductions approach to fair classification},
  author =       {Agarwal, Alekh and Beygelzimer, Alina and
                  Dud{\'\i}k, Miroslav and Langford, John and Wallach,
                  Hanna},
  booktitle =    {International conference on machine learning},
  pages =        {60--69},
  year =         2018,
  organization = {PMLR}
}

@article{ali2019imbalance,
  title =        {Imbalance class problems in data mining: A review},
  author =       {Ali, Haseeb and Salleh, Mohd Najib Mohd and
                  Saedudin, Rohmat and Hussain, Kashif and Mushtaq,
                  Muhammad Faheem},
  journal =      {Indonesian Journal of Electrical Engineering and
                  Computer Science},
  volume =       14,
  number =       3,
  pages =        {1560--1571},
  year =         2019
}

@misc{angwin2016machine,
  title =        {Machine bias},
  author =       {Angwin, Julia and Larson, Jeff and Mattu, Surya and
                  Kirchner, Lauren},
  year =         2016,
  url =
                  {https://www.propublica.org/article/machine-bias-risk-assessments-in-criminal-sentencing},
  note =         {Retrieved 19 October 2023.}
}

@article{bao2021s,
  title =        {It's compaslicated: The messy relationship between
                  rai datasets and algorithmic fairness benchmarks},
  author =       {Bao, Michelle and Zhou, Angela and Zottola, Samantha
                  and Brubach, Brian and Desmarais, Sarah and
                  Horowitz, Aaron and Lum, Kristian and
                  Venkatasubramanian, Suresh},
  journal =      {arXiv preprint arXiv:2106.05498},
  year =         2021
}

@article{bellamy2018ai,
  title =        {{AI} Fairness 360: An extensible toolkit for
                  detecting, understanding, and mitigating unwanted
                  algorithmic bias},
  author =       {Bellamy, Rachel KE and Dey, Kuntal and Hind, Michael
                  and Hoffman, Samuel C and Houde, Stephanie and
                  Kannan, Kalapriya and Lohia, Pranay and Martino,
                  Jacquelyn and Mehta, Sameep and Mojsilovic,
                  Aleksandra and others},
  journal =      {arXiv preprint arXiv:1810.01943},
  year =         2018
}

@article{berk2021fairness,
  title =        {Fairness in criminal justice risk assessments: The
                  state of the art},
  author =       {Berk, Richard and Heidari, Hoda and Jabbari, Shahin
                  and Kearns, Michael and Roth, Aaron},
  journal =      {Sociological Methods \& Research},
  volume =       50,
  number =       1,
  pages =        {3--44},
  year =         2021,
  publisher =    {Sage Publications Sage CA: Los Angeles, CA}
}

@article{bobadilla2020deepfair,
  title =        {Deepfair: deep learning for improving fairness in
                  recommender systems},
  author =       {Bobadilla, Jes{\'u}s and Lara-Cabrera, Ra{\'u}l and
                  Gonz{\'a}lez-Prieto, {\'A}ngel and Ortega, Fernando},
  journal =      {arXiv preprint arXiv:2006.05255},
  year =         2020
}

@misc{bower2018debiasing,
  title =        {Debiasing representations by removing unwanted
                  variation due to protected attributes},
  author =       {Amanda Bower and Laura Niss and Yuekai Sun and
                  Alexander Vargo},
  year =         2018,
  eprint =       {1807.00461},
  archivePrefix ={arXiv},
  primaryClass = {cs.CY}
}

@article{caton2020fairness,
  title =        {Fairness in machine learning: A survey},
  author =       {Caton, Simon and Haas, Christian},
  journal =      {ACM Computing Surveys},
  year =         2020,
  publisher =    {ACM New York, NY}
}

@article{chouldechova2017fair,
  title =        {Fair prediction with disparate impact: A study of
                  bias in recidivism prediction instruments},
  author =       {Chouldechova, Alexandra},
  journal =      {Big data},
  volume =       5,
  number =       2,
  pages =        {153--163},
  year =         2017,
  publisher =    {Mary Ann Liebert, Inc. 140 Huguenot Street, 3rd
                  Floor New Rochelle, NY 10801 USA}
}

@misc{compascore,
  title =        {Practitioner's guide to {COMPAS Core}},
  author =       {Equivant},
  year =         2023,
  url =
                  {https://www.equivant.com/practitioners-guide-to-compas-core/},
  note =         {Retrieved 19 October 2023.}
}

@inproceedings{corbett2017algorithmic,
  title =        {Algorithmic decision making and the cost of
                  fairness},
  author =       {Corbett-Davies, Sam and Pierson, Emma and Feller,
                  Avi and Goel, Sharad and Huq, Aziz},
  booktitle =    {Proceedings of the 23rd ACM SIGKDD international
                  conference on knowledge discovery and data mining},
  pages =        {797--806},
  year =         2017
}

@article{corbett2018measure,
  title =        {The measure and mismeasure of fairness: A critical
                  review of fair machine learning},
  author =       {Corbett-Davies, Sam and Goel, Sharad},
  journal =      {arXiv preprint arXiv:1808.00023},
  year =         2018
}

@article{dieterich2016compas,
  title =        {COMPAS risk scales: Demonstrating accuracy equity
                  and predictive parity},
  author =       {Dieterich, William and Mendoza, Christina and
                  Brennan, Tim},
  journal =      {Northpointe Inc},
  volume =       7,
  number =       4,
  pages =        {1--36},
  year =         2016
}

@article{dressel2018accuracy,
  title =        {The accuracy, fairness, and limits of predicting
                  recidivism},
  author =       {Dressel, Julia and Farid, Hany},
  journal =      {Science advances},
  volume =       4,
  number =       1,
  pages =        {eaao5580},
  doi =          {10.1126/sciadv.aao5580},
  year =         2018,
  publisher =    {American Association for the Advancement of Science}
}

@article{du2020fairness,
  title =        {Fairness in deep learning: A computational
                  perspective},
  author =       {Du, Mengnan and Yang, Fan and Zou, Na and Hu, Xia},
  journal =      {IEEE Intelligent Systems},
  volume =       36,
  number =       4,
  pages =        {25--34},
  year =         2020,
  publisher =    {IEEE}
}

@inproceedings{dwork2012fairness,
  title =        {Fairness through awareness},
  author =       {Dwork, Cynthia and Hardt, Moritz and Pitassi,
                  Toniann and Reingold, Omer and Zemel, Richard},
  booktitle =    {Proceedings of the 3rd innovations in theoretical
                  computer science conference},
  pages =        {214--226},
  year =         2012
}

@article{fabris2022algorithmic,
  title =        {Algorithmic fairness datasets: the story so far},
  author =       {Fabris, Alessandro and Messina, Stefano and
                  Silvello, Gianmaria and Susto, Gian Antonio},
  journal =      {Data Mining and Knowledge Discovery},
  volume =       36,
  number =       6,
  pages =        {2074--2152},
  year =         2022,
  publisher =    {Springer},
  doi =          {https://doi.org/10.1007/s10618-022-00854-z}
}

@inproceedings{feldman2015certifying,
  title =        {Certifying and removing disparate impact},
  author =       {Feldman, Michael and Friedler, Sorelle A and
                  Moeller, John and Scheidegger, Carlos and
                  Venkatasubramanian, Suresh},
  booktitle =    {proceedings of the 21th ACM SIGKDD international
                  conference on knowledge discovery and data mining},
  pages =        {259--268},
  year =         2015
}

@inproceedings{friedler2019comparative,
  title =        {A comparative study of fairness-enhancing
                  interventions in machine learning},
  author =       {Friedler, Sorelle A and Scheidegger, Carlos and
                  Venkatasubramanian, Suresh and Choudhary, Sonam and
                  Hamilton, Evan P and Roth, Derek},
  booktitle =    {Proceedings of the conference on fairness,
                  accountability, and transparency},
  pages =        {329--338},
  year =         2019
}

@article{grgic2016case,
  title =        {The case for process fairness in learning: Feature
                  selection for fair decision making},
  author =       {Grgic-Hlaca, Nina and Zafar, Muhammad Bilal and
                  Gummadi, Krishna P and Weller, Adrian},
  journal =      {NIPS symposium on machine learning and the law},
  volume =       1,
  number =       2,
  pages =        11,
  year =         2016,
  organization = {Barcelona, Spain}
}

@article{hardt2016equality,
  title =        {Equality of opportunity in supervised learning},
  author =       {Hardt, Moritz and Price, Eric and Srebro, Nati},
  journal =      {Advances in neural information processing systems},
  volume =       29,
  year =         2016,
  doi =          {https://doi.org/10.48550/arXiv.1610.02413}
}

@article{huang2022evaluation,
  title =        {Evaluation and mitigation of racial bias in clinical
                  machine learning models: scoping review},
  author =       {Huang, Jonathan and Galal, Galal and Etemadi,
                  Mozziyar and Vaidyanathan, Mahesh},
  journal =      {JMIR Medical Informatics},
  volume =       10,
  number =       5,
  pages =        {e36388},
  year =         2022,
  publisher =    {JMIR Publications Toronto, Canada}
}

@inproceedings{ingram2022accuracy,
  title =        {Accuracy, Fairness, and Interpretability of Machine
                  Learning Criminal Recidivism Models},
  author =       {Ingram, Eric and Gursoy, Furkan and Kakadiaris,
                  Ioannis A},
  booktitle =    {2022 IEEE/ACM International Conference on Big Data
                  Computing, Applications and Technologies (BDCAT)},
  pages =        {233--241},
  year =         2022,
  organization = {IEEE}
}

@inproceedings{johnson2022fairkit,
  title =        {Fairkit-learn: a fairness evaluation and comparison
                  toolkit},
  author =       {Johnson, Brittany and Brun, Yuriy},
  booktitle =    {Proceedings of the ACM/IEEE 44th International
                  Conference on Software Engineering: Companion
                  Proceedings},
  pages =        {70--74},
  year =         2022
}

@article{kamiran2012data,
  title =        {Data preprocessing techniques for classification
                  without discrimination},
  author =       {Kamiran, Faisal and Calders, Toon},
  journal =      {Knowledge and information systems},
  volume =       33,
  number =       1,
  pages =        {1--33},
  year =         2012,
  publisher =    {Springer}
}

@inproceedings{kim2019multiaccuracy,
  title =        {Multiaccuracy: Black-box post-processing for
                  fairness in classification},
  author =       {Kim, Michael P and Ghorbani, Amirata and Zou, James},
  booktitle =    {Proceedings of the 2019 AAAI/ACM Conference on AI,
                  Ethics, and Society},
  pages =        {247--254},
  year =         2019
}

@article{makhlouf2021machine,
  title =        {Machine learning fairness notions: Bridging the gap
                  with real-world applications},
  author =       {Makhlouf, Karima and Zhioua, Sami and Palamidessi,
                  Catuscia},
  journal =      {Information Processing \& Management},
  volume =       58,
  number =       5,
  pages =        102642,
  year =         2021,
  publisher =    {Elsevier},
  doi =          {https://doi.org/10.1016/j.ipm.2021.102642}
}

@article{mehrabi2021survey,
  title =        {A survey on bias and fairness in machine learning},
  author =       {Mehrabi, Ninareh and Morstatter, Fred and Saxena,
                  Nripsuta and Lerman, Kristina and Galstyan, Aram},
  journal =      {ACM computing surveys (CSUR)},
  volume =       54,
  number =       6,
  pages =        {1--35},
  year =         2021,
  publisher =    {ACM New York, NY, USA}
}

@article{meng2021mimic,
  title =        {Mimic-if: Interpretability and fairness evaluation
                  of deep learning models on mimic-iv dataset},
  author =       {Meng, Chuizheng and Trinh, Loc and Xu, Nan and Liu,
                  Yan},
  journal =      {arXiv preprint arXiv:2102.06761},
  year =         2021
}

@inproceedings{nanda2021fairness,
  title =        {Fairness through robustness: Investigating
                  robustness disparity in deep learning},
  author =       {Nanda, Vedant and Dooley, Samuel and Singla, Sahil
                  and Feizi, Soheil and Dickerson, John P},
  booktitle =    {Proceedings of the 2021 ACM Conference on Fairness,
                  Accountability, and Transparency},
  pages =        {466--477},
  year =         2021
}

@book{o2022ethics,
  title =        {Ethics, Integrity and Policymaking: The Value of the
                  Case Study},
  author =       {O'Math{\'u}na, D{\'o}nal and Iphofen, Ron},
  year =         2022,
  publisher =    {Springer Nature}
}

@article{pessach2022review,
  title =        {A review on fairness in machine learning},
  author =       {Pessach, Dana and Shmueli, Erez},
  journal =      {ACM Computing Surveys (CSUR)},
  volume =       55,
  number =       3,
  pages =        {1--44},
  year =         2022,
  publisher =    {ACM New York, NY}
}

@inproceedings{pinheiro2010natural,
  title =        {Natural language processing based on semantic
                  inferentialism for extracting crime information from
                  text},
  author =       {Pinheiro, Vl{\'a}dia and Furtado, Vasco and Pequeno,
                  Tarcisio and Nogueira, Douglas},
  booktitle =    {2010 IEEE International Conference on Intelligence
                  and Security Informatics},
  pages =        {19--24},
  year =         2010,
  organization = {IEEE}
}

@article{pleiss2017fairness,
  title =        {On fairness and calibration},
  author =       {Pleiss, Geoff and Raghavan, Manish and Wu, Felix and
                  Kleinberg, Jon and Weinberger, Kilian Q},
  journal =      {Advances in neural information processing systems},
  volume =       30,
  year =         2017
}

@article{rodger2023explainable,
  title =        {Explainable artificial intelligence for assault
                  sentence prediction in {N}ew {Z}ealand},
  author =       {Rodger, Harry and Lensen, Andrew and Betkier,
                  Marcin},
  journal =      {Journal of the Royal Society of New Zealand},
  volume =       53,
  number =       1,
  pages =        {133--147},
  year =         2023,
  publisher =    {Taylor \& Francis},
  doi =          {https://doi.org/10.1080/03036758.2022.2114506}
}

@article{romei2014multidisciplinary,
  title =        {A multidisciplinary survey on discrimination
                  analysis},
  author =       {Romei, Andrea and Ruggieri, Salvatore},
  journal =      {The Knowledge Engineering Review},
  volume =       29,
  number =       5,
  pages =        {582--638},
  year =         2014,
  publisher =    {Cambridge University Press}
}

@article{scikit-learn,
  title =        {Scikit-learn: Machine Learning in {P}ython},
  author =       {Pedregosa, F. and Varoquaux, G. and Gramfort, A. and
                  Michel, V. and Thirion, B. and Grisel, O. and
                  Blondel, M. and Prettenhofer, P. and Weiss, R. and
                  Dubourg, V. and Vanderplas, J. and Passos, A. and
                  Cournapeau, D. and Brucher, M. and Perrot, M. and
                  Duchesnay, E.},
  journal =      {Journal of Machine Learning Research},
  volume =       12,
  pages =        {2825--2830},
  year =         2011
}

@article{suresh2019framework,
  title =        {A framework for understanding unintended
                  consequences of machine learning},
  author =       {Suresh, Harini and Guttag, John V},
  journal =      {arXiv preprint arXiv:1901.10002},
  volume =       2,
  number =       8,
  year =         2019
}

@article{verma2021removing,
  title =        {Removing biased data to improve fairness and
                  accuracy},
  author =       {Verma, Sahil and Ernst, Michael and Just, Rene},
  journal =      {arXiv preprint arXiv:2102.03054},
  year =         2021
}

@article{wang2023pursuit,
  title =        {In pursuit of interpretable, fair and accurate
                  machine learning for criminal recidivism prediction},
  author =       {Wang, Caroline and Han, Bin and Patel, Bhrij and
                  Rudin, Cynthia},
  journal =      {Journal of Quantitative Criminology},
  volume =       39,
  number =       2,
  pages =        {519--581},
  year =         2023,
  publisher =    {Springer}
}

@article{yogarajan2022data,
  title =        {Data and model bias in artificial intelligence for
                  healthcare applications in {N}ew {Z}ealand},
  author =       {Yogarajan, Vithya and Dobbie, Gillian and Leitch,
                  Sharon and Keegan, Te Taka and Bensemann, Joshua and
                  Witbrock, Michael and Asrani, Varsha and Reith,
                  David},
  journal =      {Frontiers in Computer Science},
  volume =       4,
  pages =        1070493,
  year =         2022,
  publisher =    {Frontiers Media SA},
  doi =          {https://doi.org/10.3389/fcomp.2022.1070493}
}

@inproceedings{zafar2017fairness,
  title =        {Fairness beyond disparate treatment \& disparate
                  impact: Learning classification without disparate
                  mistreatment},
  author =       {Zafar, Muhammad Bilal and Valera, Isabel and Gomez
                  Rodriguez, Manuel and Gummadi, Krishna P},
  booktitle =    {Proceedings of the 26th international conference on
                  world wide web},
  pages =        {1171--1180},
  year =         2017
}
